@ARTICLE{El-Badry:2018,
   author = {{El-Badry}, K. and {Ting}, Y.-S. and {Rix}, H.-W. and {Quataert}, E. and 
	{Weisz}, D.~R. and {Cargile}, P. and {Conroy}, C. and {Hogg}, D.~W. and 
	{Bergemann}, M. and {Liu}, C.},
    title = "{Discovery and characterization of 3000+ main-sequence binaries from APOGEE spectra}",
  journal = {\mnras},
archivePrefix = "arXiv",
   eprint = {1711.08793},
 primaryClass = "astro-ph.SR",
 keywords = {methods: data analysis, binaries: spectroscopic, Galaxy: stellar content},
     year = 2018,
    month = may,
   volume = 476,
    pages = {528-553},
      doi = {10.1093/mnras/sty240},
   adsurl = {http://adsabs.harvard.edu/abs/2018MNRAS.476..528E},
  adsnote = {Provided by the SAO/NASA Astrophysics Data System}
}

@article{Carretero:2017,
      author         = "Carretero, Jorge and others",
      title          = "{CosmoHub and SciPIC: Massive cosmological data analysis,
                        distribution and generation using a Big Data platform}",
      booktitle      = "{Proceedings, 2017 European Physical Society Conference
                        on High Energy Physics (EPS-HEP 2017): Venice, Italy, July
                        5-12, 2017}",
      journal        = "PoS",
      volume         = "EPS-HEP2017",
      year           = "2017",
      pages          = "488",
      doi            = "10.22323/1.314.0488",
      SLACcitation   = "%%CITATION = POSCI,EPS-HEP2017,488;%%"
}

@book{Rasmussen:2005,
 author = {Rasmussen, Carl Edward and Williams, Christopher K. I.},
 title = {Gaussian Processes for Machine Learning (Adaptive Computation and Machine Learning)},
 year = {2005},
 isbn = {026218253X},
 publisher = {The MIT Press},
} 

@ARTICLE{Widmark:2018,
       author = {{Widmark}, Axel and {Leistedt}, Boris and {Hogg}, David W.},
        title = "{Inferring Binary and Trinary Stellar Populations in Photometric and Astrometric Surveys}",
      journal = {\apj},
     keywords = {astrometry, binaries: general, stars: statistics, Astrophysics - Solar and Stellar Astrophysics, Astrophysics - Astrophysics of Galaxies},
         year = "2018",
        month = "Apr",
       volume = {857},
       number = {2},
          eid = {114},
        pages = {114},
          doi = {10.3847/1538-4357/aab7ee},
archivePrefix = {arXiv},
       eprint = {1801.08547},
 primaryClass = {astro-ph.SR},
       adsurl = {https://ui.adsabs.harvard.edu/abs/2018ApJ...857..114W},
      adsnote = {Provided by the SAO/NASA Astrophysics Data System}
}



@ARTICLE{Babusiaux:2018,
       author = {{Gaia Collaboration} and {Babusiaux}, C. and {van Leeuwen}, F. and
         {Barstow}, M.~A. and {Jordi}, C. and {Vallenari}, A. and {Bossini}, D. and
         {Bressan}, A. and {Cantat-Gaudin}, T. and {van Leeuwen}, M. and
         {Brown}, A.~G.~A. and {Prusti}, T. and {de Bruijne}, J.~H.~J. and
         {Bailer-Jones}, C.~A.~L. and {Biermann}, M. and {Evans}, D.~W. and
         {Eyer}, L. and {Jansen}, F. and {Klioner}, S.~A. and {Lammers}, U. and
         {Lindegren}, L. and {Luri}, X. and {Mignard}, F. and {Panem}, C. and
         {Pourbaix}, D. and {Randich}, S. and {Sartoretti}, P. and
         {Siddiqui}, H.~I. and {Soubiran}, C. and {Walton}, N.~A. and
         {Arenou}, F. and {Bastian}, U. and {Cropper}, M. and {Drimmel}, R. and
         {Katz}, D. and {Lattanzi}, M.~G. and {Bakker}, J. and {Cacciari}, C. and
         {Casta{\~n}eda}, J. and {Chaoul}, L. and {Cheek}, N. and
         {De Angeli}, F. and {Fabricius}, C. and {Guerra}, R. and {Holl}, B. and
         {Masana}, E. and {Messineo}, R. and {Mowlavi}, N. and
         {Nienartowicz}, K. and {Panuzzo}, P. and {Portell}, J. and
         {Riello}, M. and {Seabroke}, G.~M. and {Tanga}, P. and
         {Th{\'e}venin}, F. and {Gracia-Abril}, G. and {Comoretto}, G. and
         {Garcia-Reinaldos}, M. and {Teyssier}, D. and {Altmann}, M. and
         {Andrae}, R. and {Audard}, M. and {Bellas-Velidis}, I. and
         {Benson}, K. and {Berthier}, J. and {Blomme}, R. and {Burgess}, P. and
         {Busso}, G. and {Carry}, B. and {Cellino}, A. and {Clementini}, G. and
         {Clotet}, M. and {Creevey}, O. and {Davidson}, M. and {De Ridder}, J. and
         {Delchambre}, L. and {Dell'Oro}, A. and {Ducourant}, C. and
         {Fern{\'a}ndez-Hern{\'a}ndez}, J. and {Fouesneau}, M. and
         {Fr{\'e}mat}, Y. and {Galluccio}, L. and {Garc{\'\i}a-Torres}, M. and
         {Gonz{\'a}lez-N{\'u}{\~n}ez}, J. and {Gonz{\'a}lez-Vidal}, J.~J. and
         {Gosset}, E. and {Guy}, L.~P. and {Halbwachs}, J. -L. and
         {Hambly}, N.~C. and {Harrison}, D.~L. and {Hern{\'a}ndez}, J. and
         {Hestroffer}, D. and {Hodgkin}, S.~T. and {Hutton}, A. and
         {Jasniewicz}, G. and {Jean-Antoine-Piccolo}, A. and {Jordan}, S. and
         {Korn}, A.~J. and {Krone-Martins}, A. and {Lanzafame}, A.~C. and
         {Lebzelter}, T. and {L{\"o}ffler}, W. and {Manteiga}, M. and
         {Marrese}, P.~M. and {Mart{\'\i}n-Fleitas}, J.~M. and {Moitinho}, A. and
         {Mora}, A. and {Muinonen}, K. and {Osinde}, J. and {Pancino}, E. and
         {Pauwels}, T. and {Petit}, J. -M. and {Recio-Blanco}, A. and
         {Richards}, P.~J. and {Rimoldini}, L. and {Robin}, A.~C. and
         {Sarro}, L.~M. and {Siopis}, C. and {Smith}, M. and {Sozzetti}, A. and
         {S{\"u}veges}, M. and {Torra}, J. and {van Reeven}, W. and {Abbas}, U. and
         {Abreu Aramburu}, A. and {Accart}, S. and {Aerts}, C. and
         {Altavilla}, G. and {{\'A}lvarez}, M.~A. and {Alvarez}, R. and
         {Alves}, J. and {Anderson}, R.~I. and {Andrei}, A.~H. and
         {Anglada Varela}, E. and {Antiche}, E. and {Antoja}, T. and
         {Arcay}, B. and {Astraatmadja}, T.~L. and {Bach}, N. and
         {Baker}, S.~G. and {Balaguer-N{\'u}{\~n}ez}, L. and {Balm}, P. and
         {Barache}, C. and {Barata}, C. and {Barbato}, D. and {Barblan}, F. and
         {Barklem}, P.~S. and {Barrado}, D. and {Barros}, M. and
         {Bartholom{\'e} Mu{\~n}oz}, L. and {Bassilana}, J. -L. and
         {Becciani}, U. and {Bellazzini}, M. and {Berihuete}, A. and
         {Bertone}, S. and {Bianchi}, L. and {Bienaym{\'e}}, O. and
         {Blanco-Cuaresma}, S. and {Boch}, T. and {Boeche}, C. and
         {Bombrun}, A. and {Borrachero}, R. and {Bouquillon}, S. and
         {Bourda}, G. and {Bragaglia}, A. and {Bramante}, L. and
         {Breddels}, M.~A. and {Brouillet}, N. and {Br{\"u}semeister}, T. and
         {Brugaletta}, E. and {Bucciarelli}, B. and {Burlacu}, A. and
         {Busonero}, D. and {Butkevich}, A.~G. and {Buzzi}, R. and {Caffau}, E. and
         {Cancelliere}, R. and {Cannizzaro}, G. and {Carballo}, R. and
         {Carlucci}, T. and {Carrasco}, J.~M. and {Casamiquela}, L. and
         {Castellani}, M. and {Castro-Ginard}, A. and {Charlot}, P. and
         {Chemin}, L. and {Chiavassa}, A. and {Cocozza}, G. and {Costigan}, G. and
         {Cowell}, S. and {Crifo}, F. and {Crosta}, M. and {Crowley}, C. and
         {Cuypers}, J. and {Dafonte}, C. and {Damerdji}, Y. and
         {Dapergolas}, A. and {David}, P. and {David}, M. and {de Laverny}, P. and
         {De Luise}, F. and {De March}, R. and {de Martino}, D. and
         {de Souza}, R. and {de Torres}, A. and {Debosscher}, J. and
         {del Pozo}, E. and {Delbo}, M. and {Delgado}, A. and {Delgado}, H.~E. and
         {Diakite}, S. and {Diener}, C. and {Distefano}, E. and {Dolding}, C. and
         {Drazinos}, P. and {Dur{\'a}n}, J. and {Edvardsson}, B. and {Enke}, H. and
         {Eriksson}, K. and {Esquej}, P. and {Eynard Bontemps}, G. and
         {Fabre}, C. and {Fabrizio}, M. and {Faigler}, S. and
         {Falc{\~a}o}, A.~J. and {Farr{\`a}s Casas}, M. and {Federici}, L. and
         {Fedorets}, G. and {Fernique}, P. and {Figueras}, F. and {Filippi}, F. and
         {Findeisen}, K. and {Fonti}, A. and {Fraile}, E. and {Fraser}, M. and
         {Fr{\'e}zouls}, B. and {Gai}, M. and {Galleti}, S. and {Garabato}, D. and
         {Garc{\'\i}a-Sedano}, F. and {Garofalo}, A. and {Garralda}, N. and
         {Gavel}, A. and {Gavras}, P. and {Gerssen}, J. and {Geyer}, R. and
         {Giacobbe}, P. and {Gilmore}, G. and {Girona}, S. and {Giuffrida}, G. and
         {Glass}, F. and {Gomes}, M. and {Granvik}, M. and {Gueguen}, A. and
         {Guerrier}, A. and {Guiraud}, J. and {Guti{\'e}}, R. and {Haigron}, R. and
         {Hatzidimitriou}, D. and {Hauser}, M. and {Haywood}, M. and
         {Heiter}, U. and {Helmi}, A. and {Heu}, J. and {Hilger}, T. and
         {Hobbs}, D. and {Hofmann}, W. and {Holland}, G. and {Huckle}, H.~E. and
         {Hypki}, A. and {Icardi}, V. and {Jan{\ss}en}, K. and
         {Jevardat de Fombelle}, G. and {Jonker}, P.~G. and
         {Juh{\'a}sz}, {\'A}. L. and {Julbe}, F. and {Karampelas}, A. and
         {Kewley}, A. and {Klar}, J. and {Kochoska}, A. and {Kohley}, R. and
         {Kolenberg}, K. and {Kontizas}, M. and {Kontizas}, E. and
         {Koposov}, S.~E. and {Kordopatis}, G. and {Kostrzewa-Rutkowska}, Z. and
         {Koubsky}, P. and {Lambert}, S. and {Lanza}, A.~F. and {Lasne}, Y. and
         {Lavigne}, J. -B. and {Le Fustec}, Y. and {Le Poncin-Lafitte}, C. and
         {Lebreton}, Y. and {Leccia}, S. and {Leclerc}, N. and
         {Lecoeur-Taibi}, I. and {Lenhardt}, H. and {Leroux}, F. and {Liao}, S. and
         {Licata}, E. and {Lindstr{\o}m}, H.~E.~P. and {Lister}, T.~A. and
         {Livanou}, E. and {Lobel}, A. and {L{\'o}pez}, M. and {Managau}, S. and
         {Mann}, R.~G. and {Mantelet}, G. and {Marchal}, O. and
         {Marchant}, J.~M. and {Marconi}, M. and {Marinoni}, S. and
         {Marschalk{\'o}}, G. and {Marshall}, D.~J. and {Martino}, M. and
         {Marton}, G. and {Mary}, N. and {Massari}, D. and
         {Matijevi{\v{c}}}, G. and {Mazeh}, T. and {McMillan}, P.~J. and
         {Messina}, S. and {Michalik}, D. and {Millar}, N.~R. and {Molina}, D. and
         {Molinaro}, R. and {Moln{\'a}r}, L. and {Montegriffo}, P. and
         {Mor}, R. and {Morbidelli}, R. and {Morel}, T. and {Morris}, D. and
         {Mulone}, A.~F. and {Muraveva}, T. and {Musella}, I. and
         {Nelemans}, G. and {Nicastro}, L. and {Noval}, L. and {O'Mullane}, W. and
         {Ord{\'e}novic}, C. and {Ord{\'o}{\~n}ez-Blanco}, D. and {Osborne}, P. and
         {Pagani}, C. and {Pagano}, I. and {Pailler}, F. and {Palacin}, H. and
         {Palaversa}, L. and {Panahi}, A. and {Pawlak}, M. and
         {Piersimoni}, A.~M. and {Pineau}, F. -X. and {Plachy}, E. and
         {Plum}, G. and {Poggio}, E. and {Poujoulet}, E. and {Pr{\v{s}}a}, A. and
         {Pulone}, L. and {Racero}, E. and {Ragaini}, S. and {Rambaux}, N. and
         {Ramos-Lerate}, M. and {Regibo}, S. and {Reyl{\'e}}, C. and
         {Riclet}, F. and {Ripepi}, V. and {Riva}, A. and {Rivard}, A. and
         {Rixon}, G. and {Roegiers}, T. and {Roelens}, M. and
         {Romero-G{\'o}mez}, M. and {Rowell}, N. and {Royer}, F. and
         {Ruiz-Dern}, L. and {Sadowski}, G. and {Sagrist{\`a} Sell{\'e}s}, T. and
         {Sahlmann}, J. and {Salgado}, J. and {Salguero}, E. and {Sanna}, N. and
         {Santana-Ros}, T. and {Sarasso}, M. and {Savietto}, H. and
         {Schultheis}, M. and {Sciacca}, E. and {Segol}, M. and
         {Segovia}, J.~C. and {S{\'e}gransan}, D. and {Shih}, I. -C. and
         {Siltala}, L. and {Silva}, A.~F. and {Smart}, R.~L. and {Smith}, K.~W. and
         {Solano}, E. and {Solitro}, F. and {Sordo}, R. and {Soria Nieto}, S. and
         {Souchay}, J. and {Spagna}, A. and {Spoto}, F. and {Stampa}, U. and
         {Steele}, I.~A. and {Steidelm{\"u}ller}, H. and {Stephenson}, C.~A. and
         {Stoev}, H. and {Suess}, F.~F. and {Surdej}, J. and {Szabados}, L. and
         {Szegedi-Elek}, E. and {Tapiador}, D. and {Taris}, F. and {Tauran}, G. and
         {Taylor}, M.~B. and {Teixeira}, R. and {Terrett}, D. and {Teyssand
        ier}, P. and {Thuillot}, W. and {Titarenko}, A. and {Torra Clotet}, F. and
         {Turon}, C. and {Ulla}, A. and {Utrilla}, E. and {Uzzi}, S. and
         {Vaillant}, M. and {Valentini}, G. and {Valette}, V. and
         {van Elteren}, A. and {Van Hemelryck}, E. and {Vaschetto}, M. and
         {Vecchiato}, A. and {Veljanoski}, J. and {Viala}, Y. and {Vicente}, D. and
         {Vogt}, S. and {von Essen}, C. and {Voss}, H. and {Votruba}, V. and
         {Voutsinas}, S. and {Walmsley}, G. and {Weiler}, M. and {Wertz}, O. and
         {Wevers}, T. and {Wyrzykowski}, {\L}. and {Yoldas}, A. and
         {{\v{Z}}erjal}, M. and {Ziaeepour}, H. and {Zorec}, J. and
         {Zschocke}, S. and {Zucker}, S. and {Zurbach}, C. and {Zwitter}, T.},
        title = "{Gaia Data Release 2. Observational Hertzsprung-Russell diagrams}",
      journal = {Astronomy and Astrophysics},
     keywords = {parallaxes, Hertzsprung-Russell and C-M diagrams, solar neighborhood, stars: evolution, Astrophysics - Solar and Stellar Astrophysics, Astrophysics - Astrophysics of Galaxies},
         year = "2018",
        month = "Aug",
       volume = {616},
          eid = {A10},
        pages = {A10},
          doi = {10.1051/0004-6361/201832843},
archivePrefix = {arXiv},
       eprint = {1804.09378},
 primaryClass = {astro-ph.SR},
       adsurl = {https://ui.adsabs.harvard.edu/abs/2018A&A...616A..10G},
      adsnote = {Provided by the SAO/NASA Astrophysics Data System}
}



@ARTICLE{Pourbaix:2004,
       author = {{Pourbaix}, D. and {Tokovinin}, A.~A. and {Batten}, A.~H. and
         {Fekel}, F.~C. and {Hartkopf}, W.~I. and {Levato}, H. and
         {Morrell}, N.~I. and {Torres}, G. and {Udry}, S.},
        title = "{S$_{B$^{9}$}$: The ninth catalogue of spectroscopic binary orbits}",
      journal = {Astronomy and Astrophysics},
     keywords = {stars: binaries: spectroscopic, astronomical data bases: miscellaneous, catalogs, Astrophysics},
         year = "2004",
        month = "Sep",
       volume = {424},
        pages = {727-732},
          doi = {10.1051/0004-6361:20041213},
archivePrefix = {arXiv},
       eprint = {astro-ph/0406573},
 primaryClass = {astro-ph},
       adsurl = {https://ui.adsabs.harvard.edu/abs/2004A&A...424..727P},
      adsnote = {Provided by the SAO/NASA Astrophysics Data System}
}


@ARTICLE{Soubiran:2013,
       author = {{Soubiran}, C. and {Jasniewicz}, G. and {Chemin}, L. and {Crifo}, F. and
         {Udry}, S. and {Hestroffer}, D. and {Katz}, D.},
        title = "{The catalogue of radial velocity standard stars for Gaia. I. Pre-launch release}",
      journal = {Astronomy and Astrophysics},
     keywords = {catalogs, stars: kinematics and dynamics, Astrophysics - Solar and Stellar Astrophysics},
         year = "2013",
        month = "Apr",
       volume = {552},
          eid = {A64},
        pages = {A64},
          doi = {10.1051/0004-6361/201220927},
archivePrefix = {arXiv},
       eprint = {1302.1905},
 primaryClass = {astro-ph.SR},
       adsurl = {https://ui.adsabs.harvard.edu/abs/2013A&A...552A..64S},
      adsnote = {Provided by the SAO/NASA Astrophysics Data System}
}



@ARTICLE{Troup:2016,
   author = {{Troup}, N.~W. and {Nidever}, D.~L. and {De Lee}, N. and {Carlberg}, J. and 
	{Majewski}, S.~R. and {Fernandez}, M. and {Covey}, K. and {Chojnowski}, S.~D. and 
	{Pepper}, J. and {Nguyen}, D.~T. and {Stassun}, K. and {Nguyen}, D.~C. and 
	{Wisniewski}, J.~P. and {Fleming}, S.~W. and {Bizyaev}, D. and 
	{Frinchaboy}, P.~M. and {Garc{\'{\i}}a-Hern{\'a}ndez}, D.~A. and 
	{Ge}, J. and {Hearty}, F. and {Meszaros}, S. and {Pan}, K. and 
	{Allende Prieto}, C. and {Schneider}, D.~P. and {Shetrone}, M.~D. and 
	{Skrutskie}, M.~F. and {Wilson}, J. and {Zamora}, O.},
    title = "{Companions to APOGEE Stars. I. A Milky Way-spanning Catalog of Stellar and Substellar Companion Candidates and Their Diverse Hosts}",
  journal = {\aj},
archivePrefix = "arXiv",
   eprint = {1601.00688},
 primaryClass = "astro-ph.SR",
 keywords = {binaries: close, binaries: spectroscopic, brown dwarfs, Galaxy: stellar content, planetary systems},
     year = 2016,
    month = mar,
   volume = 151,
      eid = {85},
    pages = {85},
      doi = {10.3847/0004-6256/151/3/85},
   adsurl = {http://adsabs.harvard.edu/abs/2016AJ....151...85T},
  adsnote = {Provided by the SAO/NASA Astrophysics Data System}
}


@ARTICLE{Raghavan:2010,
   author = {{Raghavan}, D. and {McAlister}, H.~A. and {Henry}, T.~J. and 
	{Latham}, D.~W. and {Marcy}, G.~W. and {Mason}, B.~D. and {Gies}, D.~R. and 
	{White}, R.~J. and {ten Brummelaar}, T.~A.},
    title = "{A Survey of Stellar Families: Multiplicity of Solar-type Stars}",
  journal = {\apjs},
archivePrefix = "arXiv",
   eprint = {1007.0414},
 primaryClass = "astro-ph.SR",
 keywords = {binaries: general, planetary systems, stars: solar-type, stars: statistics, surveys},
     year = 2010,
    month = sep,
   volume = 190,
    pages = {1-42},
      doi = {10.1088/0067-0049/190/1/1},
   adsurl = {http://adsabs.harvard.edu/abs/2010ApJS..190....1R},
  adsnote = {Provided by the SAO/NASA Astrophysics Data System}
}


@ARTICLE{Badenes:2018,
   author = {{Badenes}, C. and {Mazzola}, C. and {Thompson}, T.~A. and {Covey}, K. and 
	{Freeman}, P.~E. and {Walker}, M.~G. and {Moe}, M. and {Troup}, N. and 
	{Nidever}, D. and {Allende Prieto}, C. and {Andrews}, B. and 
	{Barb{\'a}}, R.~H. and {Beers}, T.~C. and {Bovy}, J. and {Carlberg}, J.~K. and 
	{De Lee}, N. and {Johnson}, J. and {Lewis}, H. and {Majewski}, S.~R. and 
	{Pinsonneault}, M. and {Sobeck}, J. and {Stassun}, K.~G. and 
	{Stringfellow}, G.~S. and {Zasowski}, G.},
    title = "{Stellar Multiplicity Meets Stellar Evolution and Metallicity: The APOGEE View}",
  journal = {\apj},
archivePrefix = "arXiv",
   eprint = {1711.00660},
 primaryClass = "astro-ph.SR",
 keywords = {binaries: close, binaries: spectroscopic, stars: evolution, stars: fundamental parameters },
     year = 2018,
    month = feb,
   volume = 854,
      eid = {147},
    pages = {147},
      doi = {10.3847/1538-4357/aaa765},
   adsurl = {http://adsabs.harvard.edu/abs/2018ApJ...854..147B},
  adsnote = {Provided by the SAO/NASA Astrophysics Data System}
}


@ARTICLE{Cropper:2018,
   author = {{Cropper}, M. and {Katz}, D. and {Sartoretti}, P. and {Prusti}, T. and 
	{de Bruijne}, J.~H.~J. and {Chassat}, F. and {Charvet}, P. and 
	{Boyadijan}, J. and {Perryman}, M. and {Sarri}, G. and {Gare}, P. and 
	{Erdmann}, M. and {Munari}, U. and {Zwitter}, T. and {Wilkinson}, M. and 
	{Arenou}, F. and {Vallenari}, A. and {G{\'o}mez}, A. and {Panuzzo}, P. and 
	{Seabroke}, G. and {Allende Prieto}, C. and {Benson}, K. and 
	{Marchal}, O. and {Huckle}, H. and {Smith}, M. and {Dolding}, C. and 
	{Jan{\ss}en}, K. and {Viala}, Y. and {Blomme}, R. and {Baker}, S. and 
	{Boudreault}, S. and {Crifo}, F. and {Soubiran}, C. and {Fr{\'e}mat}, Y. and 
	{Jasniewicz}, G. and {Guerrier}, A. and {Guy}, L.~P. and {Turon}, C. and 
	{Jean-Antoine-Piccolo}, A. and {Th{\'e}venin}, F. and {David}, M. and 
	{Gosset}, E. and {Damerdji}, Y.},
    title = "{Gaia Radial Velocity Spectrometer}",
  journal = {ArXiv e-prints},
archivePrefix = "arXiv",
   eprint = {1804.09369},
 primaryClass = "astro-ph.IM",
 keywords = {Astrophysics - Instrumentation and Methods for Astrophysics},
     year = 2018,
    month = apr,
   adsurl = {http://adsabs.harvard.edu/abs/2018arXiv180409369C},
  adsnote = {Provided by the SAO/NASA Astrophysics Data System}
}


@conference{jupyter-notebooks,
	Author = {Thomas Kluyver and Benjamin Ragan-Kelley and Fernando P{\'e}rez and Brian Granger and Matthias Bussonnier and Jonathan Frederic and Kyle Kelley and Jessica Hamrick and Jason Grout and Sylvain Corlay and Paul Ivanov and Dami{\'a}n Avila and Safia Abdalla and Carol Willing},
	Booktitle = {Positioning and Power in Academic Publishing: Players, Agents and Agendas},
	Editor = {F. Loizides and B. Schmidt},
	Organization = {IOS Press},
	Pages = {87 - 90},
	Title = {Jupyter Notebooks -- a publishing format for reproducible computational workflows},
	Year = {2016}}
	
@misc{tensorflow,
title={ {TensorFlow}: Large-Scale Machine Learning on Heterogeneous Systems},
url={https://www.tensorflow.org/},
note={Software available from tensorflow.org},
author={
    Mart\'{\i}n~Abadi and
    Ashish~Agarwal and
    Paul~Barham and
    Eugene~Brevdo and
    Zhifeng~Chen and
    Craig~Citro and
    Greg~S.~Corrado and
    Andy~Davis and
    Jeffrey~Dean and
    Matthieu~Devin and
    Sanjay~Ghemawat and
    Ian~Goodfellow and
    Andrew~Harp and
    Geoffrey~Irving and
    Michael~Isard and
    Yangqing Jia and
    Rafal~Jozefowicz and
    Lukasz~Kaiser and
    Manjunath~Kudlur and
    Josh~Levenberg and
    Dandelion~Man\'{e} and
    Rajat~Monga and
    Sherry~Moore and
    Derek~Murray and
    Chris~Olah and
    Mike~Schuster and
    Jonathon~Shlens and
    Benoit~Steiner and
    Ilya~Sutskever and
    Kunal~Talwar and
    Paul~Tucker and
    Vincent~Vanhoucke and
    Vijay~Vasudevan and
    Fernanda~Vi\'{e}gas and
    Oriol~Vinyals and
    Pete~Warden and
    Martin~Wattenberg and
    Martin~Wicke and
    Yuan~Yu and
    Xiaoqiang~Zheng},
  year={2015},
}

@article{Lindegren:2018,
	Adsnote = {Provided by the SAO/NASA Astrophysics Data System},
	Adsurl = {http://adsabs.harvard.edu/abs/2018arXiv180409366L},
	Archiveprefix = {arXiv},
	Author = {{Lindegren}, L. and {Hernandez}, J. and {Bombrun}, A. and {Klioner}, S. and {Bastian}, U. and {Ramos-Lerate}, M. and {de Torres}, A. and {Steidelmuller}, H. and {Stephenson}, C. and {Hobbs}, D. and {Lammers}, U. and {Biermann}, M. and {Geyer}, R. and {Hilger}, T. and {Michalik}, D. and {Stampa}, U. and {McMillan}, P.~J. and {Castaneda}, J. and {Clotet}, M. and {Comoretto}, G. and {Davidson}, M. and {Fabricius}, C. and {Gracia}, G. and {Hambly}, N.~C. and {Hutton}, A. and {Mora}, A. and {Portell}, J. and {van Leeuwen}, F. and {Abbas}, U. and {Abreu}, A. and {Altmann}, M. and {Andrei}, A. and {Anglada}, E. and {Balaguer-Nunez}, L. and {Barache}, C. and {Becciani}, U. and {Bertone}, S. and {Bianchi}, L. and {Bouquillon}, S. and {Bourda}, G. and {Brusemeister}, T. and {Bucciarelli}, B. and {Busonero}, D. and {Buzzi}, R. and {Cancelliere}, R. and {Carlucci}, T. and {Charlot}, P. and {Cheek}, N. and {Crosta}, M. and {Crowley}, C. and {de Bruijne}, J. and {de Felice}, F. and {Drimmel}, R. and {Esquej}, P. and {Fienga}, A. and {Fraile}, E. and {Gai}, M. and {Garralda}, N. and {Gonzalez-Vidal}, J.~J. and {Guerra}, R. and {Hauser}, M. and {Hofmann}, W. and {Holl}, B. and {Jordan}, S. and {Lattanzi}, M.~G. and {Lenhardt}, H. and {Liao}, S. and {Licata}, E. and {Lister}, T. and {Loffler}, W. and {Marchant}, J. and {Martin-Fleitas}, J.-M. and {Messineo}, R. and {Mignard}, F. and {Morbidelli}, R. and {Poggio}, E. and {Riva}, A. and {Rowell}, N. and {Salguero}, E. and {Sarasso}, M. and {Sciacca}, E. and {Siddiqui}, H. and {Smart}, R.~L. and {Spagna}, A. and {Steele}, I. and {Taris}, F. and {Torra}, J. and {van Elteren}, A. and {van Reeven}, W. and {Vecchiato}, A.},
	Date-Added = {2018-04-28 21:42:51 +0000},
	Date-Modified = {2018-04-28 21:42:52 +0000},
	Eprint = {1804.09366},
	Journal = {ArXiv e-prints},
	Keywords = {Astrophysics - Instrumentation and Methods for Astrophysics},
	Month = apr,
	Primaryclass = {astro-ph.IM},
	Title = {{Gaia Data Release 2: The astrometric solution}},
	Year = 2018}

@article{Gaia-Collaboration:2018,
	Adsnote = {Provided by the SAO/NASA Astrophysics Data System},
	Adsurl = {http://adsabs.harvard.edu/abs/2018arXiv180409365G},
	Archiveprefix = {arXiv},
	Author = {{Gaia Collaboration} and {Brown}, A.~G.~A. and {Vallenari}, A. and {Prusti}, T. and {de Bruijne}, J.~H.~J. and {Babusiaux}, C. and {Bailer-Jones}, C.~A.~L.},
	Date-Added = {2018-04-28 21:42:31 +0000},
	Date-Modified = {2018-04-28 21:42:32 +0000},
	Eprint = {1804.09365},
	Journal = {ArXiv e-prints},
	Keywords = {Astrophysics - Astrophysics of Galaxies, Astrophysics - Instrumentation and Methods for Astrophysics},
	Month = apr,
	Title = {{Gaia Data Release 2. Summary of the contents and survey properties}},
	Year = 2018}

@ARTICLE{Michalik:2015,
   author = {{Michalik}, D. and {Lindegren}, L. and {Hobbs}, D.},
    title = "{The Tycho-Gaia astrometric solution . How to get 2.5 million parallaxes with less than one year of Gaia data}",
  journal = {\aap},
archivePrefix = "arXiv",
   eprint = {1412.8770},
 primaryClass = "astro-ph.IM",
 keywords = {astrometry, methods: data analysis, methods: numerical, space vehicles: instruments, parallaxes, proper motions},
     year = 2015,
    month = feb,
   volume = 574,
      eid = {A115},
    pages = {A115},
      doi = {10.1051/0004-6361/201425310},
   adsurl = {http://adsabs.harvard.edu/abs/2015A%26A...574A.115M},
  adsnote = {Provided by the SAO/NASA Astrophysics Data System}
}

@ARTICLE{Butler:1996,
   author = {{Butler}, R.~P. and {Marcy}, G.~W.},
    title = "{A Planet Orbiting 47 Ursae Majoris}",
  journal = {\apjl},
 keywords = {STARS: PLANETARY SYSTEMS, STARS: LOW-MASS, BROWN DWARFS},
     year = 1996,
    month = jun,
   volume = 464,
    pages = {L153},
      doi = {10.1086/310102},
   adsurl = {http://adsabs.harvard.edu/abs/1996ApJ...464L.153B},
  adsnote = {Provided by the SAO/NASA Astrophysics Data System}
}


@ARTICLE{Muterspaugh:2010,
   author = {{Muterspaugh}, M.~W. and {Lane}, B.~F. and {Kulkarni}, S.~R. and 
	{Konacki}, M. and {Burke}, B.~F. and {Colavita}, M.~M. and {Shao}, M. and 
	{Hartkopf}, W.~I. and {Boss}, A.~P. and {Williamson}, M.},
    title = "{The Phases Differential Astrometry Data Archive. V. Candidate Substellar Companions to Binary Systems}",
  journal = {\aj},
archivePrefix = "arXiv",
   eprint = {1010.4048},
 primaryClass = "astro-ph.SR",
 keywords = {astrometry, binaries: close, binaries: visual, techniques: interferometric},
     year = 2010,
    month = dec,
   volume = 140,
    pages = {1657-1671},
      doi = {10.1088/0004-6256/140/6/1657},
   adsurl = {http://adsabs.harvard.edu/abs/2010AJ....140.1657M},
  adsnote = {Provided by the SAO/NASA Astrophysics Data System}
}

@ARTICLE{Lindegren:2016,
       author = {{Lindegren}, L. and {Lammers}, U. and {Bastian}, U. and {Hern{\'a}ndez},
        J. and {Klioner}, S. and {Hobbs}, D. and {Bombrun}, A. and
        {Michalik}, D. and {Ramos-Lerate}, M. and {Butkevich}, A. and
        {Comoretto}, G. and {Joliet}, E. and {Holl}, B. and {Hutton}, A.
        and {Parsons}, P. and {Steidelm{\"u}ller}, H. and {Abbas}, U.
        and {Altmann}, M. and {Andrei}, A. and {Anton}, S. and {Bach},
        N. and {Barache}, C. and {Becciani}, U. and {Berthier}, J. and
        {Bianchi}, L. and {Biermann}, M. and {Bouquillon}, S. and
        {Bourda}, G. and {Br{\"u}semeister}, T. and {Bucciarelli}, B.
        and {Busonero}, D. and {Carlucci}, T. and {Casta{\~n}eda}, J.
        and {Charlot}, P. and {Clotet}, M. and {Crosta}, M. and
        {Davidson}, M. and {de Felice}, F. and {Drimmel}, R. and
        {Fabricius}, C. and {Fienga}, A. and {Figueras}, F. and
        {Fraile}, E. and {Gai}, M. and {Garralda}, N. and {Geyer}, R.
        and {Gonz{\'a}lez-Vidal}, J.~J. and {Guerra}, R. and {Hambly},
        N.~C. and {Hauser}, M. and {Jordan}, S. and {Lattanzi}, M.~G.
        and {Lenhardt}, H. and {Liao}, S. and {L{\"o}ffler}, W. and
        {McMillan}, P.~J. and {Mignard}, F. and {Mora}, A. and
        {Morbidelli}, R. and {Portell}, J. and {Riva}, A. and {Sarasso},
        M. and {Serraller}, I. and {Siddiqui}, H. and {Smart}, R. and
        {Spagna}, A. and {Stampa}, U. and {Steele}, I. and {Taris}, F.
        and {Torra}, J. and {van Reeven}, W. and {Vecchiato}, A. and
        {Zschocke}, S. and {de Bruijne}, J. and {Gracia}, G. and
        {Raison}, F. and {Lister}, T. and {Marchant}, J. and {Messineo},
        R. and {Soffel}, M. and {Osorio}, J. and {de Torres}, A. and
        {O'Mullane}, W.},
        title = "{Gaia Data Release 1. Astrometry: one billion positions, two million
        proper motions and parallaxes}",
      journal = {\aap},
     keywords = {astrometry, parallaxes, proper motions, methods: data analysis, space
        vehicles: instruments, reference systems, Astrophysics -
        Astrophysics of Galaxies, Astrophysics - Instrumentation and
        Methods for Astrophysics},
         year = 2016,
        month = Nov,
       volume = {595},
          eid = {A4},
        pages = {A4},
          doi = {10.1051/0004-6361/201628714},
       adsurl = {https://ui.adsabs.harvard.edu/#abs/2016A&A...595A...4L},
      adsnote = {Provided by the SAO/NASA Astrophysics Data System}
}


@MISC{Foreman-Mackey:2015,
       author = {{Foreman-Mackey}, Daniel},
        title = "{George: Gaussian Process regression}",
     keywords = {Software},
 howpublished = {Astrophysics Source Code Library},
         year = 2015,
        month = Nov,
          eid = {ascl:1511.015},
        pages = {ascl:1511.015},
archivePrefix = {ascl},
       eprint = {1511.015},
       adsurl = {https://ui.adsabs.harvard.edu/#abs/2015ascl.soft11015F},
      adsnote = {Provided by the SAO/NASA Astrophysics Data System}
}

@article{Fletcher:1970,
author = {Fletcher, R.},
title = {A new approach to variable metric algorithms},
journal = {The Computer Journal},
volume = {13},
number = {3},
pages = {317-322},
year = {1970},
doi = {10.1093/comjnl/13.3.317},
URL = {http://dx.doi.org/10.1093/comjnl/13.3.317},
eprint = {/oup/backfile/content_public/journal/comjnl/13/3/10.1093/comjnl/13.3.317/2/130317.pdf}
}

@article{Broyden:1970,
author = {Broyden, C. G.},
title = {The Convergence of a Class of Double-rank Minimization Algorithms 1. General Considerations},
journal = {IMA Journal of Applied Mathematics},
volume = {6},
number = {1},
pages = {76-90},
year = {1970},
doi = {10.1093/imamat/6.1.76},
URL = {http://dx.doi.org/10.1093/imamat/6.1.76},
eprint = {/oup/backfile/content_public/journal/imamat/6/1/10.1093/imamat/6.1.76/2/6-1-76.pdf}
}

@article{Goldfarb:1970,
  doi = {10.1090/s0025-5718-1970-0258249-6},
  url = {https://doi.org/10.1090/s0025-5718-1970-0258249-6},
  year  = {1970},
  month = {jan},
  publisher = {American Mathematical Society ({AMS})},
  volume = {24},
  number = {109},
  pages = {23--23},
  author = {Donald Goldfarb},
  title = {A family of variable-metric methods derived by variational means},
  journal = {Mathematics of Computation}
}
@article{Shanno:1970,
  doi = {10.1090/s0025-5718-1970-0274029-x},
  url = {https://doi.org/10.1090/s0025-5718-1970-0274029-x},
  year  = {1970},
  month = {sep},
  publisher = {American Mathematical Society ({AMS})},
  volume = {24},
  number = {111},
  pages = {647--647},
  author = {D. F. Shanno},
  title = {Conditioning of quasi-Newton methods for function minimization},
  journal = {Mathematics of Computation}
}
@book{Nocedal:2006,
  author = {{Nocedal}, J. and {Wright}, S.},
  doi = {10.1007/978-0-387-40065-5},
  url = {https://doi.org/10.1007/978-0-387-40065-5},
  year  = {2006},
  publisher = {Springer New York},
  title = {Numerical Optimization}
}
@ARTICLE{Saldago:2017,
       author = {{Salgado}, J. and {Gonz{\'a}lez-N{\'u}{\~n}ez}, J. and
        {Guti{\'e}rrez-S{\'a}nchez}, R. and {Segovia}, J.~C. and
        {Dur{\'a}n}, J. and {Hern{\'a}ndez}, J.~L. and {Arviset}, C.},
        title = "{The ESA Gaia Archive: Data Release 1}",
      journal = {Astronomy and Computing},
     keywords = {Gaia, DR1, Archive, TAP, Astrophysics - Instrumentation and Methods for
        Astrophysics},
         year = 2017,
        month = Oct,
       volume = {21},
        pages = {22-26},
          doi = {10.1016/j.ascom.2017.08.002},
 primaryClass = {astro-ph.IM},
       adsurl = {https://ui.adsabs.harvard.edu/#abs/2017A&C....21...22S},
      adsnote = {Provided by the SAO/NASA Astrophysics Data System}
}



@ARTICLE{Ambikasaran:2015,
   author = {{Ambikasaran}, S. and {Foreman-Mackey}, D. and {Greengard}, L. and 
	{Hogg}, D.~W. and {O'Neil}, M.},
    title = "{Fast Direct Methods for Gaussian Processes}",
  journal = {IEEE Transactions on Pattern Analysis and Machine Intelligence},
archivePrefix = "arXiv",
   eprint = {1403.6015},
 primaryClass = "math.NA",
 keywords = {Mathematics - Numerical Analysis, Astrophysics - Instrumentation and Methods for Astrophysics, Mathematics - Statistics Theory  },
     year = 2015,
    month = jun,
   volume = 38,
      doi = {10.1109/TPAMI.2015.2448083},
   adsurl = {http://adsabs.harvard.edu/abs/2015ITPAM..38..252A},
  adsnote = {Provided by the SAO/NASA Astrophysics Data System}
}


@ARTICLE{Price-Whelan:2018,
   author = {{Price-Whelan}, A.~M. and {Hogg}, D.~W. and {Rix}, H.-W. and 
	{De Lee}, N. and {Majewski}, S.~R. and {Nidever}, D.~L. and 
	{Troup}, N. and {Fern{\'a}ndez-Trincado}, J.~G. and {Garc{\'{\i}}a-Hern{\'a}ndez}, D.~A. and 
	{Longa-Pe{\~n}a}, P. and {Nitschelm}, C. and {Sobeck}, J. and 
	{Zamora}, O.},
    title = "{Binary Companions of Evolved Stars in APOGEE DR14: Search Method and Catalog of {\sim}5000 Companions}",
  journal = {\aj},
archivePrefix = "arXiv",
   eprint = {1804.04662},
 primaryClass = "astro-ph.SR",
 keywords = {binaries: spectroscopic, methods: data analysis, methods: statistical, planets and satellites: fundamental parameters, surveys, techniques: radial velocities },
     year = 2018,
    month = jul,
   volume = 156,
      eid = {18},
    pages = {18},
      doi = {10.3847/1538-3881/aac387},
   adsurl = {http://adsabs.harvard.edu/abs/2018AJ....156...18P},
  adsnote = {Provided by the SAO/NASA Astrophysics Data System}
}

@article{astropy:2018,
Adsnote = {Provided by the SAO/NASA Astrophysics Data System},
Adsurl = {https://ui.adsabs.harvard.edu/#abs/2018AJ....156..123T},
Author = {{Price-Whelan}, A.~M. and {Sip{\H{o}}cz}, B.~M. and {G{\"u}nther}, H.~M. and {Lim}, P.~L. and {Crawford}, S.~M. and {Conseil}, S. and {Shupe}, D.~L. and {Craig}, M.~W. and {Dencheva}, N. and {Ginsburg}, A. and {VanderPlas}, J.~T. and {Bradley}, L.~D. and {P{\'e}rez-Su{\'a}rez}, D. and {de Val-Borro}, M. and {Paper Contributors}, (Primary and {Aldcroft}, T.~L. and {Cruz}, K.~L. and {Robitaille}, T.~P. and {Tollerud}, E.~J. and {Coordination Committee}, (Astropy and {Ardelean}, C. and {Babej}, T. and {Bach}, Y.~P. and {Bachetti}, M. and {Bakanov}, A.~V. and {Bamford}, S.~P. and {Barentsen}, G. and {Barmby}, P. and {Baumbach}, A. and {Berry}, K.~L. and {Biscani}, F. and {Boquien}, M. and {Bostroem}, K.~A. and {Bouma}, L.~G. and {Brammer}, G.~B. and {Bray}, E.~M. and {Breytenbach}, H. and {Buddelmeijer}, H. and {Burke}, D.~J. and {Calderone}, G. and {Cano Rodr{\'\i}guez}, J.~L. and {Cara}, M. and {Cardoso}, J.~V.~M. and {Cheedella}, S. and {Copin}, Y. and {Corrales}, L. and {Crichton}, D. and {D{\textquoteright}Avella}, D. and {Deil}, C. and {Depagne}, {\'E}. and {Dietrich}, J.~P. and {Donath}, A. and {Droettboom}, M. and {Earl}, N. and {Erben}, T. and {Fabbro}, S. and {Ferreira}, L.~A. and {Finethy}, T. and {Fox}, R.~T. and {Garrison}, L.~H. and {Gibbons}, S.~L.~J. and {Goldstein}, D.~A. and {Gommers}, R. and {Greco}, J.~P. and {Greenfield}, P. and {Groener}, A.~M. and {Grollier}, F. and {Hagen}, A. and {Hirst}, P. and {Homeier}, D. and {Horton}, A.~J. and {Hosseinzadeh}, G. and {Hu}, L. and {Hunkeler}, J.~S. and {Ivezi{\'c}}, {\v{Z}}. and {Jain}, A. and {Jenness}, T. and {Kanarek}, G. and {Kendrew}, S. and {Kern}, N.~S. and {Kerzendorf}, W.~E. and {Khvalko}, A. and {King}, J. and {Kirkby}, D. and {Kulkarni}, A.~M. and {Kumar}, A. and {Lee}, A. and {Lenz}, D. and {Littlefair}, S.~P. and {Ma}, Z. and {Macleod}, D.~M. and {Mastropietro}, M. and {McCully}, C. and {Montagnac}, S. and {Morris}, B.~M. and {Mueller}, M. and {Mumford}, S.~J. and {Muna}, D. and {Murphy}, N.~A. and {Nelson}, S. and {Nguyen}, G.~H. and {Ninan}, J.~P. and {N{\"o}the}, M. and {Ogaz}, S. and {Oh}, S. and {Parejko}, J.~K. and {Parley}, N. and {Pascual}, S. and {Patil}, R. and {Patil}, A.~A. and {Plunkett}, A.~L. and {Prochaska}, J.~X. and {Rastogi}, T. and {Reddy Janga}, V. and {Sabater}, J. and {Sakurikar}, P. and {Seifert}, M. and {Sherbert}, L.~E. and {Sherwood-Taylor}, H. and {Shih}, A.~Y. and {Sick}, J. and {Silbiger}, M.~T. and {Singanamalla}, S. and {Singer}, L.~P. and {Sladen}, P.~H. and {Sooley}, K.~A. and {Sornarajah}, S. and {Streicher}, O. and {Teuben}, P. and {Thomas}, S.~W. and {Tremblay}, G.~R. and {Turner}, J.~E.~H. and {Terr{\'o}n}, V. and {van Kerkwijk}, M.~H. and {de la Vega}, A. and {Watkins}, L.~L. and {Weaver}, B.~A. and {Whitmore}, J.~B. and {Woillez}, J. and {Zabalza}, V. and {Contributors}, (Astropy},
Doi = {10.3847/1538-3881/aabc4f},
Eid = {123},
Journal = {\aj},
Keywords = {methods: data analysis, methods: miscellaneous, methods: statistical, reference systems, Astrophysics - Instrumentation and Methods for Astrophysics},
Month = Sep,
Pages = {123},
Primaryclass = {astro-ph.IM},
Title = {{The Astropy Project: Building an Open-science Project and Status of the v2.0 Core Package}},
Volume = {156},
Year = 2018,
Bdsk-Url-1 = {https://doi.org/10.3847/1538-3881/aabc4f}}

@article{astropy:2013,
	Adsnote = {Provided by the SAO/NASA Astrophysics Data System},
	Adsurl = {http://adsabs.harvard.edu/abs/2013A%26A...558A..33A},
	Archiveprefix = {arXiv},
	Author = {{Astropy Collaboration} and {Robitaille}, T.~P. and {Tollerud}, E.~J. and {Greenfield}, P. and {Droettboom}, M. and {Bray}, E. and {Aldcroft}, T. and {Davis}, M. and {Ginsburg}, A. and {Price-Whelan}, A.~M. and {Kerzendorf}, W.~E. and {Conley}, A. and {Crighton}, N. and {Barbary}, K. and {Muna}, D. and {Ferguson}, H. and {Grollier}, F. and {Parikh}, M.~M. and {Nair}, P.~H. and {Unther}, H.~M. and {Deil}, C. and {Woillez}, J. and {Conseil}, S. and {Kramer}, R. and {Turner}, J.~E.~H. and {Singer}, L. and {Fox}, R. and {Weaver}, B.~A. and {Zabalza}, V. and {Edwards}, Z.~I. and {Azalee Bostroem}, K. and {Burke}, D.~J. and {Casey}, A.~R. and {Crawford}, S.~M. and {Dencheva}, N. and {Ely}, J. and {Jenness}, T. and {Labrie}, K. and {Lim}, P.~L. and {Pierfederici}, F. and {Pontzen}, A. and {Ptak}, A. and {Refsdal}, B. and {Servillat}, M. and {Streicher}, O.},
	Doi = {10.1051/0004-6361/201322068},
	Eid = {A33},
	Eprint = {1307.6212},
	Journal = {\aap},
	Keywords = {methods: data analysis, methods: miscellaneous, virtual observatory tools},
	Month = oct,
	Pages = {A33},
	Primaryclass = {astro-ph.IM},
	Title = {{Astropy: A community Python package for astronomy}},
	Volume = 558,
	Year = 2013,
	Bdsk-Url-1 = {https://dx.doi.org/10.1051/0004-6361/201322068}}

@article{mpl,
	Adsnote = {Provided by the SAO/NASA Astrophysics Data System},
	Adsurl = {http://adsabs.harvard.edu/abs/2007CSE.....9...90H},
	Author = {{Hunter}, J.~D.},
	Doi = {10.1109/MCSE.2007.55},
	Journal = {Computing in Science and Engineering},
	Keywords = {Python, Scripting languages, Application development, Scientific programming},
	Month = may,
	Pages = {90-95},
	Title = {{Matplotlib: A 2D Graphics Environment}},
	Volume = 9,
	Year = 2007,
	Bdsk-Url-1 = {https://dx.doi.org/10.1109/MCSE.2007.55}}

@article{numpy,
	Acmid = {1957466},
	Address = {Piscataway, NJ, USA},
	Author = {Walt, Stefan van der and Colbert, S. Chris and Varoquaux, Gael},
	Doi = {10.1109/MCSE.2011.37},
	Issn = {1521-9615},
	Issue_Date = {March 2011},
	Journal = {Computing in Science and Engg.},
	Keywords = {NumPy, Python, Python, NumPy, scientific programming, numerical computations, programming libraries, numerical computations, programming libraries, scientific programming},
	Month = mar,
	Number = {2},
	Numpages = {9},
	Pages = {22--30},
	Publisher = {IEEE Educational Activities Department},
	Title = {The NumPy Array: A Structure for Efficient Numerical Computation},
	Url = {http://dx.doi.org/10.1109/MCSE.2011.37},
	Volume = {13},
	Year = {2011},
	Bdsk-Url-1 = {http://dx.doi.org/10.1109/MCSE.2011.37}}

@misc{scipy,
	Author = {Eric Jones and Travis Oliphant and Pearu Peterson and others},
	Title = {{SciPy}: Open source scientific tools for {Python}},
	Url = {http://www.scipy.org/},
	Year = {2001--},
	Bdsk-Url-1 = {http://www.scipy.org/}}

@article{gala,
	Adsnote = {Provided by the SAO/NASA Astrophysics Data System},
	Adsurl = {http://adsabs.harvard.edu/abs/2017JOSS....2..388P},
	Author = {{Price-Whelan}, A.~M.},
	Doi = {10.21105/joss.00388},
	Eid = {388},
	Journal = {The Journal of Open Source Software},
	Keywords = {galactic dynamics, python, stellar kinematics},
	Month = oct,
	Pages = {388},
	Title = {{Gala: A Python package for galactic dynamics}},
	Volume = 2,
	Year = 2017,
	Bdsk-Url-1 = {https://dx.doi.org/10.21105/joss.00388}}

@article{ipython,
	Author = {P\'erez, Fernando and Granger, Brian E.},
	Date-Added = {2017-08-04 07:38:09 +0000},
	Date-Modified = {2017-08-04 07:38:09 +0000},
	Doi = {10.1109/MCSE.2007.53},
	Issn = {1521-9615},
	Journal = {Computing in Science and Engineering},
	Month = may,
	Number = {3},
	Pages = {21--29},
	Publisher = {IEEE Computer Society},
	Title = {{IP}ython: a System for Interactive Scientific Computing},
	Url = {http://ipython.org},
	Volume = {9},
	Year = 2007,
	Bdsk-Url-1 = {http://ipython.org},
	Bdsk-Url-2 = {http://dx.doi.org/10.1109/MCSE.2007.53}}


@article{stan,
	Author = {{Carpenter}, L. and {Gelman}, A. and {Hoffman} M. and {Lee}, D. and {Goodrich}, B. and {Betancourt}, M. and {Brubaker}, {Guo}, M. J. and {Li}, P. and {Riddell}, P.},
	Year = {2017},
	Title = {{Stan}: A probabilistic programming language.},
	Journal = {Journal of Statistical Software},
	Volume = {76},
	Issue = {1},
	Doi = {10.18637/jss.v076.i01}
}
